@misc{event-streaming,
  author = {vmware},
  title = {Event streaming: Build applications that keep up with business},
  howpublished = {\url{https://tanzu.vmware.com/event-streaming}},
  note = [Accessed 11-12-2020]
}
@misc{message-brokers,
  author = {IBM Cloud Education},
  title = {Message Brokers},
  howpublished = {\url{https://www.ibm.com/cloud/learn/message-brokers}},
  year = {23-01-2020},
  note = [Accessed 11-12-2020]
}
@misc{rabbit-persistence,
  author = {RabbitMQ},
  title = {Persistence Configuration},
  howpublished = {\url{https://www.rabbitmq.com/persistence-conf.html}},
  note = [Accessed 11-12-2020]
}
@misc{rabbit-durable,
  author = {RabbitMQ},
  title = {Work Queues},
  howpublished = {\url{https://www.rabbitmq.com/tutorials/tutorial-two-python.html}},
  note = [Accessed 11-12-2020]
}
@misc{rabbit-protocols,
  author = {RabbitMQ},
  title = {Which protocols does RabbitMQ support?},
  howpublished = {\url{https://www.rabbitmq.com/protocols.html}},
  note = [Accessed 11-12-2020]
}
@misc{kafka-protocol,
  author = {Apache Kafka},
  title = {KAFKA PROTOCOL GUIDE},
  howpublished = {\url{http://kafka.apache.org/protocol.html}},
  note = [Accessed 11-12-2020]
}
@misc{kafka-connect,
  author = {Liquan Pei},
  title = {How to Build a Scalable ETL Pipeline with Kafka Connect},
  howpublished = {\url{https://www.confluent.io/blog/how-to-build-a-scalable-etl-pipeline-with-kafka-connect/}},
  year = {17-12-2015},
  note = [Accessed 11-12-2020]
}
@misc{kafka-rabbit-comparison,
  author = {Alok Nikhil, Vinoth Chandar},
  title = {Benchmarking Apache Kafka, Apache Pulsar, and RabbitMQ: Which is the Fastest?},
  howpublished = {\url{https://www.confluent.io/blog/kafka-fastest-messaging-system/}},
  year = {21-08-2020},
  note = [Accessed 11-12-2020]
}
@misc{rabbit-exchange-types,
  author = {Derek Greer, et al.},
  title = {RabbitMQ for Windows: Exchange Types},
  howpublished = {\url{https://lostechies.com/derekgreer/2012/03/28/rabbitmq-for-windows-exchange-types}},
  year = {28-03-2012},
  note = [Accessed 11-12-2020]
}
@misc{rabbit-routing,
  author = {RabbitMQ},
  title = {Routing},
  howpublished = {\url{https://www.rabbitmq.com/tutorials/tutorial-four-python.html}},
  note = [Accessed 11-12-2020]
}
@misc{rabbit-priority-queue,
  author = {RabbitMQ},
  title = {Priority Queue Support},
  howpublished = {\url{https://www.rabbitmq.com/priority.html}},
  note = [Accessed 11-12-2020]
}
@misc{kafka-routing,
  author = {Lovisa Johansson},
  title = {Part 1: Apache Kafka for beginners - What is Apache Kafka?},
  howpublished = {\url{https://www.cloudkarafka.com/blog/2016-11-30-part1-kafka-for-beginners-what-is-apache-kafka.html}},
  year = {19-03-2020},
  note = [Accessed 11-12-2020]
}
@misc{kafka-scaling,
  author = {Dan Rosanova},
  title = {Scaling Apache Kafka to 10+ GB Per Second in Confluent Cloud},
  howpublished = {\url{https://www.confluent.io/blog/scaling-kafka-to-10-gb-per-second-in-confluent-cloud/}},
  year = {12-06-2020},
  note = [Accessed 11-12-2020]
}
@misc{rabbit-guide,
  author = {RabbitMQ},
  title = {RabbitMQ Tutorials},
  howpublished = {\url{https://www.rabbitmq.com/getstarted.html}},
  year = {11-12-2020},
  note = [Accessed 11-12-2020]
}

@misc{kafka-guide,
  author = {Apache Kafka},
  title = {APACHE KAFKA QUICKSTART},
  howpublished = {\url{https://kafka.apache.org/quickstart}},
  note = [Accessed 11-12-2020]
}



